@misc{Supplement,
note = {See Supplemental Material at [URL will be inserted by publisher] for supporting information and additional results.}
}

@article{Tusche2018,
    author = {Chr. Tusche and M. Ellguth and V. Feyer and A. Krasyuk and C. Wiemann and J. Henk and Schneider,  C. M. and J. Kirschner},
    title = {Nonlocal electron correlations in an itinerant ferromagnet},
    journal = {Nature Communications},
    volume = {9}, 
    pages = {3727},
    year = {2018},
    doi = {https://doi.org/10.1038/s41467-018-05960-5}
}
